@ARTICLE{2018arXiv180706504W,
       author = {{Wei}, Jun-Jie and {Zhang}, Bin-Bin and {Shao}, Lang and {Gao}, He and
        {Li}, Ye and {Yin}, Qian-Qing and {Wu}, Xue-Feng and {Wang},
        Xiang-Yu and {Zhang}, Bing and {Dai}, Zi-Gao},
        title = "{Multimessenger Tests of Einstein's Weak Equivalence Principle and Lorentz Invariance with a High-energy Neutrino from a Flaring Blazar}",
      journal = {arXiv e-prints},
     keywords = {Astrophysics - High Energy Astrophysical Phenomena, General Relativity and Quantum Cosmology, High Energy Physics - Phenomenology, High Energy Physics - Theory},
         year = 2018,
        month = Jul,
          eid = {arXiv:1807.06504},
        pages = {arXiv:1807.06504},
archivePrefix = {arXiv},
       eprint = {1807.06504},
 primaryClass = {astro-ph.HE},
       adsurl = {https://ui.adsabs.harvard.edu/\#abs/2018arXiv180706504W},
      adsnote = {Provided by the SAO/NASA Astrophysics Data System}
}

@ARTICLE{2018ApJ...860..173Y,
       author = {{Yu}, Hai and {Xi}, Shao-Qiang and {Wang}, Fa-Yin},
        title = "{A New Method to Test the Einstein{\textquoteright}s Weak Equivalence Principle}",
      journal = {\apj},
     keywords = {cosmology: observations, gravitation, Astrophysics - High Energy Astrophysical Phenomena, General Relativity and Quantum Cosmology},
         year = 2018,
        month = Jun,
       volume = {860},
          eid = {173},
        pages = {173},
          doi = {10.3847/1538-4357/aac2e3},
archivePrefix = {arXiv},
       eprint = {1708.02396},
 primaryClass = {astro-ph.HE},
       adsurl = {https://ui.adsabs.harvard.edu/\#abs/2018ApJ...860..173Y},
      adsnote = {Provided by the SAO/NASA Astrophysics Data System}
}

@ARTICLE{2018OAP....31...56Z,
       author = {{Zakhozhay}, V.~A.},
        title = "{Hierarchical Structure of the Universe}",
      journal = {Odessa Astronomical Publications},
     keywords = {Universe structure; hierarchy; star clusters; galaxy clusters; hyperclusters},
         year = 2018,
        month = Jan,
       volume = {30},
        pages = {56},
          doi = {10.18524/1810-4215.2018.31.148048},
       adsurl = {https://ui.adsabs.harvard.edu/\#abs/2018OAP....31...56Z},
      adsnote = {Provided by the SAO/NASA Astrophysics Data System}
}

@INPROCEEDINGS{2017RMxAC..49..123H,
       author = {{Hernandez-Charpak}, S.~D. and {Forero-Romero}, J.~E.},
        title = "{Laniakea in a Cosmological Context}",
     keywords = {cosmology: large-scale structure of the universe, cosmology: theory},
    booktitle = {Revista Mexicana de Astronomia y Astrofisica Conference Series},
         year = 2017,
       volume = {49},
        month = Jul,
        pages = {123-123},
       adsurl = {https://ui.adsabs.harvard.edu/\#abs/2017RMxAC..49..123H},
      adsnote = {Provided by the SAO/NASA Astrophysics Data System}
}

@ARTICLE{2017PhRvD..95j3004W,
       author = {{Wu}, Xue-Feng and {Wei}, Jun-Jie and {Lan}, Mi-Xiang and {Gao}, He and
        {Dai}, Zi-Gao and {M{\'e}sz{\'a}ros}, Peter},
        title = "{New test of weak equivalence principle using polarized light from astrophysical events}",
      journal = {\prd},
     keywords = {Astrophysics - High Energy Astrophysical Phenomena, General Relativity and Quantum Cosmology, High Energy Physics - Phenomenology, High Energy Physics - Theory},
         year = 2017,
        month = May,
       volume = {95},
          eid = {103004},
        pages = {103004},
          doi = {10.1103/PhysRevD.95.103004},
archivePrefix = {arXiv},
       eprint = {1703.09935},
 primaryClass = {astro-ph.HE},
       adsurl = {https://ui.adsabs.harvard.edu/\#abs/2017PhRvD..95j3004W},
      adsnote = {Provided by the SAO/NASA Astrophysics Data System}
}

@ARTICLE{2017PASP..129e8002P,
       author = {{Pomar{\`e}de}, Daniel and {Courtois}, H{\'e}l{\`e}ne M. and {Hoffman},
        Yehuda and {Tully}, R. Brent},
        title = "{Cosmography and Data Visualization}",
      journal = {Publications of the Astronomical Society of the Pacific},
     keywords = {Astrophysics - Cosmology and Nongalactic Astrophysics},
         year = 2017,
        month = May,
       volume = {129},
        pages = {058002},
          doi = {10.1088/1538-3873/aa5b73},
archivePrefix = {arXiv},
       eprint = {1702.01941},
 primaryClass = {astro-ph.CO},
       adsurl = {https://ui.adsabs.harvard.edu/\#abs/2017PASP..129e8002P},
      adsnote = {Provided by the SAO/NASA Astrophysics Data System}
}

@INPROCEEDINGS{2016IAUS..308..305T,
       author = {{Tully}, R. Brent and {Courtois}, H{\'e}l{\`e}ne M. and {Hoffman},
        Yehuda and {Pomar{\`e}de}, Daniel},
        title = "{Cosmicflows-2}",
     keywords = {Galaxies: distances and redshifts, peculiar velocities, dark matter, large scale structure of galaxies},
    booktitle = {The Zeldovich Universe: Genesis and Growth of the Cosmic Web},
         year = 2016,
       editor = {{van de Weygaert}, R. and {Shandarin}, S. and {Saar}, E. and {Einasto},
        J.},
       series = {IAU Symposium},
       volume = {308},
        month = Oct,
        pages = {305-309},
          doi = {10.1017/S174392131601005X},
       adsurl = {https://ui.adsabs.harvard.edu/\#abs/2016IAUS..308..305T},
      adsnote = {Provided by the SAO/NASA Astrophysics Data System}
}

@ARTICLE{2016JCAP...08..031W,
       author = {{Wei}, Jun-Jie and {Wu}, Xue-Feng and {Gao}, He and {M{\'e}sz{\'a}ros},
        Peter},
        title = "{Limits on the neutrino velocity, Lorentz invariance, and the weak equivalence principle with TeV neutrinos from gamma-ray bursts}",
      journal = {Journal of Cosmology and Astro-Particle Physics},
     keywords = {Astrophysics - High Energy Astrophysical Phenomena, General Relativity and Quantum Cosmology, High Energy Physics - Phenomenology},
         year = 2016,
        month = Aug,
       volume = {2016},
          eid = {031},
        pages = {031},
          doi = {10.1088/1475-7516/2016/08/031},
archivePrefix = {arXiv},
       eprint = {1603.07568},
 primaryClass = {astro-ph.HE},
       adsurl = {https://ui.adsabs.harvard.edu/\#abs/2016JCAP...08..031W},
      adsnote = {Provided by the SAO/NASA Astrophysics Data System}
}

@ARTICLE{2016JHEAp...9...35L,
       author = {{Luo}, Zhi-Xing and {Zhang}, Bo and {Wei}, Jun-Jie and {Wu}, Xue-Feng},
        title = "{Testing Einstein's Equivalence Principle with supercluster Laniakea's gravitational field}",
      journal = {Journal of High Energy Astrophysics},
     keywords = {Radio continuum: general, Gamma-ray burst: general, BL Lacertae objects: general, Gravitation, Astrophysics - High Energy Astrophysical Phenomena, General Relativity and Quantum Cosmology, High Energy Physics - Phenomenology},
         year = 2016,
        month = Mar,
       volume = {9},
        pages = {35-38},
          doi = {10.1016/j.jheap.2016.04.001},
archivePrefix = {arXiv},
       eprint = {1604.02566},
 primaryClass = {astro-ph.HE},
       adsurl = {https://ui.adsabs.harvard.edu/\#abs/2016JHEAp...9...35L},
      adsnote = {Provided by the SAO/NASA Astrophysics Data System}
}

@INPROCEEDINGS{2016AAS...22711802O,
       author = {{O'Donoghue}, Aileen A. and {Koopmann}, Rebecca A. and {Haynes}, Martha
        P. and {Jones}, Michael and {Craig}, David and {Hallenbeck},
        Gregory L. and {Rosenberg}, Jessica L. and {Venkatesan}, Aparna
        and {Undergraduate ALFALFA Team}},
        title = "{The Arecibo Pisces-Perseus Survey: An Undergraduate ALFALFA Team Project}",
    booktitle = {American Astronomical Society Meeting Abstracts \#227},
         year = 2016,
       series = {American Astronomical Society Meeting Abstracts},
       volume = {227},
        month = Jan,
          eid = {118.02},
        pages = {118.02},
       adsurl = {https://ui.adsabs.harvard.edu/\#abs/2016AAS...22711802O},
      adsnote = {Provided by the SAO/NASA Astrophysics Data System}
}

@ARTICLE{2015ApJ...812...17P,
       author = {{Pomar{\`e}de}, Daniel and {Tully}, R. Brent and {Hoffman}, Yehuda and
        {Courtois}, H{\'e}l{\`e}ne M.},
        title = "{The Arrowhead Mini-supercluster of Galaxies}",
      journal = {\apj},
     keywords = {galaxies: distances and redshifts, large-scale structure of universe, Astrophysics - Cosmology and Nongalactic Astrophysics},
         year = 2015,
        month = Oct,
       volume = {812},
          eid = {17},
        pages = {17},
          doi = {10.1088/0004-637X/812/1/17},
archivePrefix = {arXiv},
       eprint = {1509.02622},
 primaryClass = {astro-ph.CO},
       adsurl = {https://ui.adsabs.harvard.edu/\#abs/2015ApJ...812...17P},
      adsnote = {Provided by the SAO/NASA Astrophysics Data System}
}

@INPROCEEDINGS{2015IAUGA..2255466P,
       author = {{Pomarede}, Daniel and {Courtois}, Helene M. and {Hoffman}, Yehuda and
        {Tully}, R. Brent},
        title = "{The Arrowhead Not-So-Supercluster of Galaxies}",
    booktitle = {IAU General Assembly},
         year = 2015,
       volume = {29},
        month = Aug,
          eid = {2255466},
        pages = {2255466},
       adsurl = {https://ui.adsabs.harvard.edu/\#abs/2015IAUGA..2255466P},
      adsnote = {Provided by the SAO/NASA Astrophysics Data System}
}

@INPROCEEDINGS{2015IAUGA..2255419P,
       author = {{Pomarede}, Daniel and {Courtois}, Helene M. and {Hoffman}, Yehuda and
        {Tully}, R. Brent},
        title = "{Laniakea, our Home Supercluster of Galaxies}",
    booktitle = {IAU General Assembly},
         year = 2015,
       volume = {29},
        month = Aug,
          eid = {2255419},
        pages = {2255419},
       adsurl = {https://ui.adsabs.harvard.edu/\#abs/2015IAUGA..2255419P},
      adsnote = {Provided by the SAO/NASA Astrophysics Data System}
}

@ARTICLE{2015A&A...575L..14C,
       author = {{Chon}, Gayoung and {B{\"o}hringer}, Hans and {Zaroubi}, Saleem},
        title = "{On the definition of superclusters}",
      journal = {\aap},
     keywords = {large-scale structure of Universe, X-rays: galaxies: clusters, Astrophysics - Cosmology and Nongalactic Astrophysics},
         year = 2015,
        month = Mar,
       volume = {575},
          eid = {L14},
        pages = {L14},
          doi = {10.1051/0004-6361/201425591},
archivePrefix = {arXiv},
       eprint = {1502.04584},
 primaryClass = {astro-ph.CO},
       adsurl = {https://ui.adsabs.harvard.edu/\#abs/2015A&A...575L..14C},
      adsnote = {Provided by the SAO/NASA Astrophysics Data System}
}

@ARTICLE{2014Natur.513...71T,
       author = {{Tully}, R. Brent and {Courtois}, H{\'e}l{\`e}ne and {Hoffman}, Yehuda
        and {Pomar{\`e}de}, Daniel},
        title = "{The Laniakea supercluster of galaxies}",
      journal = {\nat},
     keywords = {Astrophysics - Cosmology and Nongalactic Astrophysics},
         year = 2014,
        month = Sep,
       volume = {513},
        pages = {71-73},
          doi = {10.1038/nature13674},
archivePrefix = {arXiv},
       eprint = {1409.0880},
 primaryClass = {astro-ph.CO},
       adsurl = {https://ui.adsabs.harvard.edu/\#abs/2014Natur.513...71T},
      adsnote = {Provided by the SAO/NASA Astrophysics Data System}
}

@ARTICLE{2014Natur.513...41T,
       author = {{Tempel}, Elmo},
        title = "{Cosmology: Meet the Laniakea supercluster}",
      journal = {\nat},
         year = 2014,
        month = Sep,
       volume = {513},
        pages = {41-42},
          doi = {10.1038/513041a},
       adsurl = {https://ui.adsabs.harvard.edu/\#abs/2014Natur.513...41T},
      adsnote = {Provided by the SAO/NASA Astrophysics Data System}
}



%============================================================
@article{KwanLSSVoids,
	title = {Large-Scale Clustering of Cosmic Voids},
    doi={10.1103/PhysRevD.90.103521},
	url = {https://arxiv.org/abs/1409.3849v2},
	number = {1409.3849v2},
	author = {Chuen, K. and Hamaus, N. and Desjacques, V.},
	month = nov,
	year = {2014}
}

%============================================================
@article{TheSpineOfCosmicWeb,
	title = {The spine of the cosmic web},
	url = {https://arxiv.org/abs/0809.5104v2},
	doi = {	10.1088/0004-637X/723/1/364},
	number = {0809.5104},

	author = {Aragon-Calvo, Miguel and Platen, Erwin and Van de Weygaert, Rien and Szalay, Alexander},
	month = may,
	year = {2018}
}
%============================================================
@article{CosmicWebGeometric,
	title = {The Cosmic Web: Geometric Analysis},
	url = {https://arxiv.org/abs/0708.1441v1},
	doi = {10.1007/978-3-540-44767-2_11},
	number = {0708.1441},

	author = {Van de Weygaert, Rien and Schaap, Willem},
	month = aug,
	year = {2017}
}

%============================================================
@article{CosmicWatershedVoidDetection,
	title = {A Cosmic Watershed: the WVF Void Detection Technique},
	url = {https://arxiv.org/abs/0706.2788v1},
	doi = {10.1111/j.1365-2966.2007.12125.x},
	number = {0706.2788},

	author = {Platen, E. and Van de Weygaert, R. and Jones, B.},
	month =jun,
	year = {2007}
}

%============================================================



%%============================================================
@misc{ SimData ,
  Author={ },
  title = {},
  howpublished = {\url{ftp://skun.iaa.es/SUsimulations/C1.2/HALOLISTS/HALOLISTS000/}},
  note = {Accessed: 2018-29-28 }
}

%%============================================================


@article{OnTheDefOfSuperclusters  ,
	title = {On the definition of superclusters},
	url = {https://arxiv.org/abs/1502.04584v1},
	doi = {	10.1051/0004-6361/201425591},
	number = {1502.04584v1},

	author = {Chon, G and  Böhringer ,H. and Zaroubi,S.  },
	month =feb,
	year = {2015}
}

%%============================================================
@article{GalaxyStructures  ,
	title = {Groups , Clusters and Superclusters},
	url = {https://arxiv.org/abs/1309.7786v2},
	doi = {	10.1142/S021988781460010X},
	number = {1309.7786v2 },

	author = {Sepp, T. and, Gramann , M.},
	month =dec,
	year = {2013}
}

%%============================================================
@article{GalaxyDM  ,
	title = {A model for a dark matter core at the galactic center},
	url = {https://arxiv.org/abs/1811.04061},
	number = {1811.04061v1},

	author = {Boshkayev,K. and Malafarina, D.},
	month =nov,
	year = {2018}
}
%%============================================================
@book{MathematicalMorphology,
   title =     {Mathematical Morphology and Its Applications to Image and Signal Processing},
   author =    {Goutsias, Jhon and  Vincent, Luc and  Bloomberg, Dan},
   publisher = {Kluwer},
   isbn =      {0-306-47025-X},
   year =      {2000},
   url =       {http://gen.lib.rus.ec/book/index.php?md5=CCEF1F79441DB6E27C593B2695801E68}}
%%============================================================
%Continuous Fields and Discrete Samples: Reconstruction through Delaunay Tessellations
@article{DelaunayTessellations_Schaap  ,
Author={Schaap, W. and Van de Weygaert, R.},
    month =Nov,
	year = {2000},
  title = {Continuous Fields and Discrete Samples: Reconstruction through Delaunay Tessellations},
  number={0011007v1},
  howpublished = {\url{https://arxiv.org/abs/astro-ph/0011007}},
  note = {Accessed: 2018-11-04.	A & A, 2000, 363, L29-L32 
}
}

@inproceedings{BeucherWatershed1979,
  title={Use of watersheds in contour detection},
  author={Beucher, Serge},
  booktitle={Proceedings of the International Workshop on Image Processing},
  year={1979},
  organization={CCETT}
}


@book{CataloguingNebulae,
   title =     {Observing and Cataloguing Nebulae and Star Clusters: From Herschel to Dreyer's New General Catalogue},
   author =    {Wolfgang Steinicke},
   publisher = {},
   isbn =      {0521192676,9780521192675,9780511789533},
   year =      {2010},
   series =    {},
   edition =   {},
   volume =    {},
   url =       {http://gen.lib.rus.ec/book/index.php?md5=D49DCEB2E1DEE8B4248B53C4B37758C7}}
%%============================================================

@book{PaleBuleDot,
   title =     {Pale Blue Dot: A Vision of the Human Future in Space},
   author =    {Sagan, C.},
   publisher = {Ballantine Books},
   isbn =      {0345376595,9780345376596},
   year =      {1997},
   series =    {},
   edition =   {1},
   volume =    {},
   url =       {http://gen.lib.rus.ec/book/index.php?md5=59D810AFB6240A5725BE5EB59C4FA81D}}
%%============================================================

@book{HitchhikersGuide,
   title =     {The Hitchhiker's Guide to the Galaxy},
   author =    {Adams, D.},
   publisher = {},
   isbn =      {0345391802,9780345391803},
   year =      {1995},
   series =    {},
   edition =   {},
   volume =    {},
   url =       {http://gen.lib.rus.ec/book/index.php?md5=30C974B50A71FF4C2D239E4EBC5FDABA}}
%%============================================================

@misc{IllustrisHome  ,
Author={ },
  title = {Illustris Project},
  howpublished = {\url{http://www.illustris-project.org/}},
  note = {Accessed: 2018-11-11}
}

%%============================================================

@misc{MilleniumHome  ,
Author={ Max-Plank-Institut},
  title = {The Millenium Simulation Project},
  howpublished = {\url{https://wwwmpa.mpa-garching.mpg.de/galform/virgo/millennium/}},
  note = {Accessed: 2018-11-11}
}

%%============================================================

@misc{Repositorio  ,
Author={ Paipa L. David},
  title = {Github Repository : SuperClustercharacterization},
  howpublished = {\url{https://github.com/PaipaPsyche/SuperClusterCharacterization}}
}
%%============================================================

@misc{SHC_TESIS,
Author={Hernandez S.},
  title = {Laniakea in a Cosmological Context or Detection of galaxy superclusters in simulated cosmological structures},
  howpublished = {Universidad de los Andes},
  note = {2016}
}
%============================================================

@book{CARROLL,
   title =     {Spacetime and Geometry: An Introduction to General Relativity},
   author =    {Carroll, S.},
   publisher = {Pearson},
   isbn =      {0805387323,9780805387322},
   year =      {2003},
   series =    {},
   edition =   {},
   volume =    {},
   url =       {http://gen.lib.rus.ec/book/index.php?md5=AD1F877A23B3478F9F64D914029F177D}}
%%============================================================

@misc{ Hubble ,
Author={ Hubble, E.},
  title = {The Realm of the Nebulae},
  howpublished ={\url{http://adsabs.harvard.edu/abs/1936rene.book.....H}},
  note = {Accessed: 2018-11-04 }
}

%%============================================================

@article{Dupuy_2019,
   title={Partitioning the Universe into gravitational basins using the cosmic velocity field},
   volume={489},
   ISSN={1745-3933},
   url={http://dx.doi.org/10.1093/mnrasl/slz115},
   DOI={10.1093/mnrasl/slz115},
   number={1},
   journal={Monthly Notices of the Royal Astronomical Society: Letters},
   publisher={Oxford University Press (OUP)},
   author={Dupuy, Alexandra and Courtois, Helene M and Dupont, Florent and Denis, Florence and Graziani, Romain and Copin, Yannick and Pomarède, Daniel and Libeskind, Noam and Carlesi, Edoardo and Tully, Brent and et al.},
   year={2019},
   month={Jul},
   pages={L1–L6}
}
@article{Dupuy_2020,
   title={Segmenting the Universe into dynamically coherent basins},
   volume={493},
   ISSN={1365-2966},
   url={http://dx.doi.org/10.1093/mnras/staa536},
   DOI={10.1093/mnras/staa536},
   number={3},
   journal={Monthly Notices of the Royal Astronomical Society},
   publisher={Oxford University Press (OUP)},
   author={Dupuy, Alexandra and Courtois, Hélène M and Libeskind, Noam I and Guinet, Daniel},
   year={2020},
   month={Feb},
   pages={3513–3520}
}

@article{Zaroubi_1999,
	doi = {10.1086/307473},
	url = {https://doi.org/10.1086%2F307473},
	year = 1999,
	month = {aug},
	publisher = {{IOP} Publishing},
	volume = {520},
	number = {2},
	pages = {413--425},
	author = {Saleem Zaroubi and Yehuda Hoffman and Avishai Dekel},
	title = {Wiener Reconstruction of Large-Scale Structure from Peculiar Velocities},
	journal = {The Astrophysical Journal},
	abstract = {We present an alternative, Bayesian method for large-scale reconstruction from observed peculiar velocities. The method stresses a rigorous treatment of the random errors, and it allows extrapolation into poorly sampled regions in real space or in k-space. A likelihood analysis is used in a preliminary stage to determine the fluctuation power spectrum, followed by a Wiener filter (WF) analysis to obtain the minimum-variance mean fields of velocity and mass density. Constrained realizations (CRs) are then used to sample the statistical scatter about the WF mean field. The method is tested using mock catalogs of the Mark III data, drawn from a simulation that mimics our local cosmological neighborhood. The success of the reconstruction is evaluated quantitatively. With low-resolution Gaussian smoothing of radius 1200 km s-1, the reconstruction is of high signal-to-noise ratio (S/N) in a relatively large volume, with small variance about the mean field. A high-resolution reconstruction, of 500 km s-1 smoothing, is of reasonable S/N only in limited nearby regions, where interesting new substructure is resolved. The WF/CR method is applied as a demonstration to the Mark III data. The reconstructed structures are consistent with those extracted from the same velocity data by the POTENT method, and with the structures seen in the distribution of IRAS 1.2 Jy galaxies. The reconstructed velocity field is decomposed into its divergent and tidal components relative to a cube of side ±8000 km s-1 centered on the Local Group. The divergent component is similar to the velocity field predicted from the distribution of IRAS galaxies. The tidal component is dominated by a bulk flow of 194 ± 32 km s-1 in the general direction of the Shapley concentration, and it also indicates a significant quadrupole.}
}


@article{10.1111/j.1365-2966.2007.12125.x,
    author = {Platen, Erwin and Van De Weygaert, Rien and Jones, Bernard J. T.},
    title = "{A cosmic watershed: the WVF void detection technique}",
    journal = {Monthly Notices of the Royal Astronomical Society},
    volume = {380},
    number = {2},
    pages = {551-570},
    year = {2007},
    month = {08},
    abstract = "{On megaparsec scales the Universe is permeated by an intricate filigree of clusters, filaments, sheets and voids, the cosmic web. For the understanding of its dynamical and hierarchical history it is crucial to identify objectively its complex morphological components. One of the most characteristic aspects is that of the dominant underdense voids, the product of a hierarchical process driven by the collapse of minor voids in addition to the merging of large ones.In this study we present an objective void finder technique which involves a minimum of assumptions about the scale, structure and shape of voids. Our void finding method, the watershed void finder (WVF), is based upon the watershed transform, a well-known technique for the segmentation of images. Importantly, the technique has the potential to trace the existing manifestations of a void hierarchy. The basic watershed transform is augmented by a variety of correction procedures to remove spurious structure resulting from sampling noise.This study contains a detailed description of the WVF. We demonstrate how it is able to trace and identify, relatively parameter free, voids and their surrounding (filamentary and planar) boundaries. We test the technique on a set of kinematic Voronoi models, heuristic spatial models for a cellular distribution of matter. Comparison of the WVF segmentations of low-noise and high-noise Voronoi models with the quantitatively known spatial characteristics of the intrinsic Voronoi tessellation shows that the size and shape of the voids are successfully retrieved. WVF manages to even reproduce the full void size distribution function.}",
    issn = {0035-8711},
    doi = {10.1111/j.1365-2966.2007.12125.x},
    url = {https://doi.org/10.1111/j.1365-2966.2007.12125.x},
    eprint = {https://academic.oup.com/mnras/article-pdf/380/2/551/18422647/mnras0380-0551.pdf},
}



@article{Santiago_Bautista_2020,
   title={Identification of filamentary structures in the environment of superclusters of galaxies in the Local Universe},
   volume={637},
   ISSN={1432-0746},
   url={http://dx.doi.org/10.1051/0004-6361/201936397},
   DOI={10.1051/0004-6361/201936397},
   journal={Astronomy & Astrophysics},
   publisher={EDP Sciences},
   author={Santiago-Bautista, Iris and Caretta, César A. and Bravo-Alfaro, Héctor and Pointecouteau, Etienne and Andernach, Heinz},
   year={2020},
   month={May},
   pages={A31}
}


@article{Bagchi_2017,
   title={Saraswati: An Extremely Massive ∼200 Megaparsec Scale Supercluster},
   volume={844},
   ISSN={1538-4357},
   url={http://dx.doi.org/10.3847/1538-4357/aa7949},
   DOI={10.3847/1538-4357/aa7949},
   number={1},
   journal={The Astrophysical Journal},
   publisher={American Astronomical Society},
   author={Bagchi, Joydeep and Sankhyayan, Shishir and Sarkar, Prakash and Raychaudhury, Somak and Jacob, Joe and Dabhade, Pratik},
   year={2017},
   month={Jul},
   pages={25}
}


@article{Libeskind_2017,
   title={Tracing the cosmic web},
   volume={473},
   ISSN={1365-2966},
   url={http://dx.doi.org/10.1093/mnras/stx1976},
   DOI={10.1093/mnras/stx1976},
   number={1},
   journal={Monthly Notices of the Royal Astronomical Society},
   publisher={Oxford University Press (OUP)},
   author={Libeskind, Noam I. and van de Weygaert, Rien and Cautun, Marius and Falck, Bridget and Tempel, Elmo and Abel, Tom and Alpaslan, Mehmet and Aragón-Calvo, Miguel A. and Forero-Romero, Jaime E. and Gonzalez, Roberto and et al.},
   year={2017},
   month={Aug},
   pages={1195–1217}
}


@article{Bond_1996,
   title={How filaments of galaxies are woven into the cosmic web},
   volume={380},
   ISSN={1476-4687},
   url={http://dx.doi.org/10.1038/380603a0},
   DOI={10.1038/380603a0},
   number={6575},
   journal={Nature},
   publisher={Springer Science and Business Media LLC},
   author={Bond, J. Richard and Kofman, Lev and Pogosyan, Dmitry},
   year={1996},
   month={Apr},
   pages={603–606}
}


@article{Einasto_2019,
   title={Evolution of superclusters in the cosmic web},
   volume={623},
   ISSN={1432-0746},
   url={http://dx.doi.org/10.1051/0004-6361/201834450},
   DOI={10.1051/0004-6361/201834450},
   journal={Astronomy & Astrophysics},
   publisher={EDP Sciences},
   author={Einasto, J. and Suhhonenko, I. and Liivamägi, L. J. and Einasto, M.},
   year={2019},
   month={Mar},
   pages={A97}
}

@misc{einasto2020evolution,
    title={Evolution of superclusters and supercluster cocoons in various cosmologies},
    author={J. Einasto and G. Hütsi and I. Suhhonenko and L. J. Liivamägi and M. Einasto},
    year={2020},
    eprint={2005.03480},
    archivePrefix={arXiv},
    primaryClass={astro-ph.CO}
}

@article{Lietzen_2016,
   title={Discovery of a massive supercluster system atz~ 0.47},
   volume={588},
   ISSN={1432-0746},
   url={http://dx.doi.org/10.1051/0004-6361/201628261},
   DOI={10.1051/0004-6361/201628261},
   journal={Astronomy & Astrophysics},
   publisher={EDP Sciences},
   author={Lietzen, H. and Tempel, E. and Liivamägi, L. J. and Montero-Dorta, A. and Einasto, M. and Streblyanska, A. and Maraston, C. and Rubiño-Martín, J. A. and Saar, E.},
   year={2016},
   month={Mar},
   pages={L4}
}


@misc{coutinho2016network,
    title={The Network Behind the Cosmic Web},
    author={B. C. Coutinho and Sungryong Hong and Kim Albrecht and Arjun Dey and Albert-László Barabási and Paul Torrey and Mark Vogelsberger and Lars Hernquist},
    year={2016},
    eprint={1604.03236},
    archivePrefix={arXiv},
    primaryClass={astro-ph.CO}
}


@article{van_de_Weygaert_2014,
   title={Voids and the Cosmic Web: cosmic depression & spatial complexity},
   volume={11},
   ISSN={1743-9221},
   url={http://dx.doi.org/10.1017/S1743921316010504},
   DOI={10.1017/s1743921316010504},
   number={S308},
   journal={Proceedings of the International Astronomical Union},
   publisher={Cambridge University Press (CUP)},
   author={van de Weygaert, Rien},
   year={2014},
   month={Jun},
   pages={493–523}
}


@article{Kim_2016,
   title={LARGE-SCALE FILAMENTARY STRUCTURES AROUND THE VIRGO CLUSTER REVISITED},
   volume={833},
   ISSN={1538-4357},
   url={http://dx.doi.org/10.3847/1538-4357/833/2/207},
   DOI={10.3847/1538-4357/833/2/207},
   number={2},
   journal={The Astrophysical Journal},
   publisher={American Astronomical Society},
   author={Kim, Suk and Rey, Soo-Chang and Bureau, Martin and Yoon, Hyein and Chung, Aeree and Jerjen, Helmut and Lisker, Thorsten and Jeong, Hyunjin and Sung, Eon-Chang and Lee, Youngdae and et al.},
   year={2016},
   month={Dec},
   pages={207}
}


@article{Lares_2017,
   title={Voids and superstructures: correlations and induced large-scale velocity flows},
   volume={470},
   ISSN={1365-2966},
   url={http://dx.doi.org/10.1093/mnras/stx1227},
   DOI={10.1093/mnras/stx1227},
   number={1},
   journal={Monthly Notices of the Royal Astronomical Society},
   publisher={Oxford University Press (OUP)},
   author={Lares, Marcelo and Luparello, Heliana E. and Maldonado, Victoria and Ruiz, Andrés N. and Paz, Dante J. and Ceccarelli, Laura and Garcia Lambas, Diego},
   year={2017},
   month={May},
   pages={85–94}
}


@article{10.1111/j.1365-2966.2009.14885.x,
    author = {Forero-$–$Romero, J. E. and Hoffman, Y. and Gottlöber, S. and Klypin, A. and Yepes, G.},
    title = "{A dynamical classification of the cosmic web}",
    journal = {Monthly Notices of the Royal Astronomical Society},
    volume = {396},
    number = {3},
    pages = {1815-1824},
    year = {2009},
    month = {06},
    issn = {0035-8711},
    doi = {10.1111/j.1365-2966.2009.14885.x},
    url = {https://doi.org/10.1111/j.1365-2966.2009.14885.x},
    eprint = {https://academic.oup.com/mnras/article-pdf/396/3/1815/5804803/mnras0396-1815.pdf},
}


